<?xml version="1.0" encoding="UTF-8"?>
<record xmlns="http://www.loc.gov/MARC21/slim">
  <leader>01507nam a2200313Ia 4500</leader>
  <controlfield tag="001">3584214</controlfield>
  <controlfield tag="005">20101001114100.0</controlfield>
  <controlfield tag="008">840308s1824    nyu           000 0 eng  </controlfield>
  <datafield tag="010" ind1=" " ind2=" ">
    <subfield code="a">   17005264 </subfield>
  </datafield>
  <datafield tag="019" ind1=" " ind2=" ">
    <subfield code="a">166602747</subfield>
  </datafield>
  <datafield tag="035" ind1=" " ind2=" ">
    <subfield code="a">(OCoLC)10498447</subfield>
    <subfield code="z">(OCoLC)166602747</subfield>
  </datafield>
  <datafield tag="035" ind1=" " ind2=" ">
    <subfield code="a">ocm10498447</subfield>
  </datafield>
  <datafield tag="040" ind1=" " ind2=" ">
    <subfield code="a">DLC</subfield>
    <subfield code="c">VA@</subfield>
    <subfield code="d">VA@</subfield>
    <subfield code="d">OCL</subfield>
    <subfield code="d">OCLCG</subfield>
  </datafield>
  <datafield tag="043" ind1=" " ind2=" ">
    <subfield code="a">nwht---</subfield>
  </datafield>
  <datafield tag="049" ind1=" " ind2=" ">
    <subfield code="a">BRLL</subfield>
  </datafield>
  <datafield tag="050" ind1=" " ind2="4">
    <subfield code="a">AC901</subfield>
    <subfield code="b">.M5 vol.295</subfield>
  </datafield>
  <datafield tag="099" ind1=" " ind2=" ">
    <subfield code="a">4276.50 no. 3</subfield>
  </datafield>
  <datafield tag="100" ind1="1" ind2=" ">
    <subfield code="a">Dewey, Loring Daniel,</subfield>
    <subfield code="d">1791-1867.</subfield>
  </datafield>
  <datafield tag="245" ind1="1" ind2="0">
    <subfield code="a">Correspondence relative to the emigration to Hayti, of the free people of colour, in the United States. :</subfield>
    <subfield code="b">Together with the instructions to the agent sent out by President Boyer.</subfield>
  </datafield>
  <datafield tag="260" ind1=" " ind2=" ">
    <subfield code="a">New York :</subfield>
    <subfield code="b">Printed by Mahlon Day,</subfield>
    <subfield code="c">1824.</subfield>
  </datafield>
  <datafield tag="300" ind1=" " ind2=" ">
    <subfield code="a">32 p. ;</subfield>
    <subfield code="c">22 cm.</subfield>
  </datafield>
  <datafield tag="500" ind1=" " ind2=" ">
    <subfield code="a">Correspondence of Loring D. Dewey and Jean Pierre Boyer, President of Haiti; published by the former.</subfield>
  </datafield>
  <datafield tag="500" ind1=" " ind2=" ">
    <subfield code="a">This proposition to promote the emigration of Negroes to Haiti was submitted by Dewey to the American Colonization Society, but the Society rejected it. A new society was organized in June 1824 under the name: Society for Promoting the Emigration of Free Persons of Colour to Hayti. For reports of the meetings cf. p. 28-32.</subfield>
  </datafield>
  <datafield tag="510" ind1="4" ind2=" ">
    <subfield code="a">Sabin,</subfield>
    <subfield code="c">16894.</subfield>
  </datafield>
  <datafield tag="650" ind1=" " ind2="0">
    <subfield code="a">African Americans</subfield>
    <subfield code="x">Colonization</subfield>
    <subfield code="z">Haiti.</subfield>
  </datafield>
  <datafield tag="651" ind1=" " ind2="0">
    <subfield code="a">Haiti</subfield>
    <subfield code="x">Emigration and immigration.</subfield>
  </datafield>
  <datafield tag="700" ind1="1" ind2=" ">
    <subfield code="a">Boyer, Jean Pierre,</subfield>
    <subfield code="d">1776-1850.</subfield>
  </datafield>
  <datafield tag="710" ind1="2" ind2=" ">
    <subfield code="a">Society for Promoting the Emigration of Free Persons of Colour to Hayti.</subfield>
  </datafield>
  <datafield tag="994" ind1=" " ind2=" ">
    <subfield code="a">C0</subfield>
    <subfield code="b">BRL</subfield>
  </datafield>
</record>
